@book{jeter2016writing,
  title={Writing style and standards in undergraduate reports},
  author={Jeter, Sheldon Moseley and Donnell, Jeffrey Alison and MacDougall, Colin and Snedeker, Jacqueline},
  year={2016},
  publisher={College Publishing}
}